@misc{ofqual,
    author  = {Ofqual},
    title = { \emph{GCSE outcomes in England}},
    howpublished = { \url{https://analytics.ofqual.gov.uk/apps/2018/GCSE/Outcomes/}},
    note= {Accessed: 26-02-2019}
}

@misc{gitguis,
    author  = {git-scm},
    title     = {\emph{Git in Other Environments - Graphical Interfaces}},
    howpublished = { \url{https://git-scm.com/book/en/v2/Appendix-A%3A-Git-in-Other-Environments-Graphical-Interfaces}},
    note= {Accessed: 26-02-2019}
}

@misc{git,
	author = {Linus Torvalds},
	 title = {\emph{Git}},
	howpublished = { \url{ https://git-scm.com} }
}

@misc{sourcetree,
	author = {Atlassian},
	howpublished = { \url{ https://www.sourcetreeapp.com/} }
}

@misc{gitkraken,
	author = {axosoft},
	howpublished = { \url{ https://www.gitkraken.com/}}
}

@misc{gitk,
	author = {gitk},
	howpublished = { \url{https://git-scm.com/docs/gitk}}
}

@misc{horizontalScrolling,
	author = {Jakob Nielsen},
	 title = {\emph{Scrolling and Scrollbars}},
	howpublished = { \url{https://www.nngroup.com/articles/scrolling-and-scrollbars/} }
}

@misc{teendesign,
	author = {Alita Joyce and Jakob Nielsen},
	 title = {\emph{Teenagerâ€™s UX: Designing for Teens}}},
	howpublished = { \url{https://www.nngroup.com/articles/usability-of-websites-for-teenagers/} }
}

@misc{sketch,
	 title = {\emph{Sketch}},
	author = {Bohemian Coding},
	howpublished = { \url{https://www.sketch.com/} }
}

@misc{electron,
	 title = {\emph{Electron}},
	howpublished = {  \url{https://electronjs.org/} }
}

@misc{nodejs,
	 title = {\emph{NodeJS}},
	howpublished = { \url{https://nodejs.org/en/} }
}

@misc{spring,
	 title = {\emph{The Spring framework}},
	author = {Pivotal},
	howpublished = {  \url{https://spring.io/} }
}

@misc{redis,
	 title = {\emph{Redis}},
	howpublished = {  \url{https://redis.io/} }
}

@misc{jersey,
	 title = {\emph{Jersey}},
	howpublished = { \url{ https://jersey.github.io/} }
}

@misc{json,
	 title = {\emph{What is JSON?}},
	author = {W3Schools},
	howpublished = {  \url {https://www.w3schools.com/whatis/whatis_json.asp} }
}

@misc{oauth2,
	 title = {\emph{OAuth 2.0}},
	howpublished = { \url{https://oauth.net/2/} }
}

@misc{asp,
	 title = {\emph{ASP.NET}},
	author = {Microsoft},
	howpublished = { \url{https://dotnet.microsoft.com/apps/aspnet} }
}

@misc{testpyramid,
	 title = {\emph{The Practical Test Pyramid}},
	author = {Ham Vocke},
	howpublished = { \url{https://martinfowler.com/articles/practical-test-pyramid.html}}
}

@misc{tornadofx,
	title={\emph{Tornado FX}},
	howpublished = { \url{https://tornadofx.io} }
}

@misc{retrofit,
	 title = {\emph{Retrofit}},
	author = {Square},
	howpublished = { \url{https://square.github.io/retrofit/} }
}

@misc{moshi,
	 title = {\emph{Moshi}},
	author = {Square},
	howpublished = {  \url{https://github.com/square/moshi} }
}

@misc{jedis,
	 title = {\emph{Jedis}},
	howpublished = { \url{https://github.com/xetorthio/jedis} }
}

@misc{dagger2,
	 title = {\emph{Dagger 2}},
	author = {Google},
	howpublished = {  \url{https://github.com/google/dagger} }
}

@misc{flaticon,
	 title = {\emph{Flat Icon} },
	author = {Icongeek26},
	howpublished = {   \url{https://www.flaticon.com/authors/icongeek26} }
}

@misc{primarycoding,
	 title = {\emph{Computing programmes of study}},
	author = {Department of education},
	howpublished = {   \url {https://assets.publishing.service.gov.uk/government/uploads/system/uploads/attachment_data/file/239033/PRIMARY_national_curriculum_-_Computing.pdf} }
}
	
@misc{git-shell,
	 title = {\emph{Git shell}},
	howpublished = {   \url{https://git-scm.com/docs/git-shell} }
}

@misc{maven,
	 title = {\emph{Apache Maven}},
	howpublished = {   \url{https://maven.apache.org/} },
	author = {Apache}
	}
	
@misc{firebase,
	 title = {\emph{Firebase}},
	howpublished = {  \url {https://firebase.google.com/}},
	author = {Google inc}
	}
	
@misc{couchdb,
	 title = {\emph{CouchDB}},
	howpublished = { \url{http://couchdb.apache.org/}}
}